@book{adams1995hitchhiker,
  title={The Hitchhiker's Guide to the Galaxy},
  author={Adams, D.},
  isbn={9781417642595},
  url={http://books.google.com/books?id=W-xMPgAACAAJ},
  year={1995},
  publisher={San Val}
}

@inproceedings{xuan2014focus,
  title={Focus-shifting patterns of OSS developers and their congruence with call graphs},
  author={Xuan, Qi and Okano, Aaron and Devanbu, Premkumar and Filkov, Vladimir},
  booktitle={Proceedings of the 22nd ACM SIGSOFT International Symposium on Foundations of Software Engineering},
  pages={401--412},
  year={2014},
  organization={ACM}
}

@inproceedings{posnett2013dual,
  title={Dual ecological measures of focus in software development},
  author={Posnett, Daryl and D'Souza, Raissa and Devanbu, Premkumar and Filkov, Vladimir},
  booktitle={Proceedings of the 2013 International Conference on Software Engineering},
  pages={452--461},
  year={2013},
  organization={IEEE Press}
}

@article{xuan2016converging,
  title={Converging work-talk patterns in online task-oriented communities},
  author={Xuan, Qi and Devanbu, Premkumar and Filkov, Vladimir},
  journal={PloS one},
  volume={11},
  number={5},
  pages={e0154324},
  year={2016},
  publisher={Public Library of Science}
}

@inproceedings{Gousi13,
  author = {Gousios, Georgios},
  title = {The GHTorrent dataset and tool suite},
  booktitle = {Proceedings of the 10th Working Conference on Mining Software
    Repositories},
  series = {MSR '13},
  year = {2013},
  isbn = {978-1-4673-2936-1},
  location = {San Francisco, CA, USA},
  pages = {233--236},
  numpages = {4},
  url = {http://dl.acm.org/citation.cfm?id=2487085.2487132},
  acmid = {2487132},
  publisher = {IEEE Press},
  address = {Piscataway, NJ, USA},
}

@inproceedings{grover2016node2vec,
  title={node2vec: Scalable feature learning for networks},
  author={Grover, Aditya and Leskovec, Jure},
  booktitle={Proceedings of the 22nd ACM SIGKDD International Conference on Knowledge Discovery and Data Mining},
  pages={855--864},
  year={2016},
  organization={ACM}
}

@inproceedings{perozzi2014deepwalk,
  title={Deepwalk: Online learning of social representations},
  author={Perozzi, Bryan and Al-Rfou, Rami and Skiena, Steven},
  booktitle={Proceedings of the 20th ACM SIGKDD international conference on Knowledge discovery and data mining},
  pages={701--710},
  year={2014},
  organization={ACM}
}

@inproceedings{vasilescu2016sky,
  title={The sky is not the limit: multitasking across GitHub projects},
  author={Vasilescu, Bogdan and Blincoe, Kelly and Xuan, Qi and Casalnuovo, Casey and Damian, Daniela and Devanbu, Premkumar and Filkov, Vladimir},
  booktitle={Proceedings of the 38th International Conference on Software Engineering},
  pages={994--1005},
  year={2016},
  organization={ACM}
}

@article{schmidt2008sankey,
  title={The Sankey diagram in energy and material flow management},
  author={Schmidt, Mario},
  journal={Journal of industrial ecology},
  volume={12},
  number={1},
  pages={82--94},
  year={2008},
  publisher={Wiley Online Library}
}
@inproceedings{hattori2010syde,
  title={Syde: A tool for collaborative software development},
  author={Hattori, Lile and Lanza, Michele},
  booktitle={Proceedings of the 32nd ACM/IEEE International Conference on Software Engineering-Volume 2},
  pages={235--238},
  year={2010},
  organization={ACM}
}
@inproceedings{de2007supporting,
  title={Supporting collaborative software development through the visualization of socio-technical dependencies},
  author={de Souza, Cleidson R and Quirk, Stephen and Trainer, Erik and Redmiles, David F},
  booktitle={Proceedings of the 2007 international ACM conference on Supporting group work},
  pages={147--156},
  year={2007},
  organization={ACM}
}